<record><leader>00000cas a2200000 a 4500</leader><controlfield tag="001">8766442</controlfield><controlfield tag="008">820911d189u195uctuwr ne      0   a0ita  </controlfield><datafield ind1=" " ind2=" " tag="010"><subfield code="a">sn 82014030 </subfield></datafield><datafield ind1=" " ind2=" " tag="040"><subfield code="a">DLC</subfield><subfield code="b">eng</subfield><subfield code="c">DLC</subfield><subfield code="d">NPW</subfield><subfield code="d">DLC</subfield><subfield code="d">NYS</subfield><subfield code="d">CNW</subfield><subfield code="d">CRL</subfield><subfield code="d">NYS</subfield><subfield code="d">OCLCO</subfield><subfield code="d">OCLCQ</subfield><subfield code="d">OCLCA</subfield><subfield code="d">OCLCF</subfield></datafield><datafield ind1="1" ind2=" " tag="029"><subfield code="a">AU@</subfield><subfield code="b">000020398277</subfield></datafield><datafield ind1="0" ind2=" " tag="041"><subfield code="a">itaeng</subfield></datafield><datafield ind1=" " ind2=" " tag="042"><subfield code="a">pcc</subfield></datafield><datafield ind1=" " ind2=" " tag="043"><subfield code="a">n-us-ct</subfield></datafield><datafield ind1="0" ind2="0" tag="050"><subfield code="a">Newspaper 7002</subfield></datafield><datafield ind1="0" ind2="3" tag="245"><subfield code="a">Il corriere del Connecticut.</subfield></datafield><datafield ind1="3" ind2="0" tag="246"><subfield code="a">Corriere di Bridgeport</subfield></datafield><datafield ind1=" " ind2=" " tag="260"><subfield code="a">New Haven, Conn. :</subfield><subfield code="b">[Pericle] Calza</subfield></datafield><datafield ind1=" " ind2=" " tag="300"><subfield code="a">v. :</subfield><subfield code="b">ill. ;</subfield><subfield code="c">60 cm.</subfield></datafield><datafield ind1=" " ind2=" " tag="310"><subfield code="a">Weekly</subfield></datafield><datafield ind1=" " ind2=" " tag="500"><subfield code="a">Includes a section titled: Corriere di Bridgeport, Mar. 16, 1903-Dec. 3, 1904.</subfield></datafield><datafield ind1=" " ind2=" " tag="546"><subfield code="a">In Italian and English.</subfield></datafield><datafield ind1=" " ind2=" " tag="580"><subfield code="a">In "limited association" with: Hartford bulletin, Mar. 25-May 27, 1955.</subfield></datafield><datafield ind1=" " ind2=" " tag="580"><subfield code="a">Waterbury ed.: La Verita, corriere del Connecticut, July 21, 1939-</subfield></datafield><datafield ind1=" " ind2=" " tag="588"><subfield code="a">Description based on: Anno 5, n. 2 (16 mar. 1901).</subfield></datafield><datafield ind1=" " ind2=" " tag="588"><subfield code="a">Latest issue consulted: Anno 57, no. 28 (10 luglio 1953).</subfield></datafield><datafield ind1=" " ind2="0" tag="650"><subfield code="a">Italians</subfield><subfield code="z">United States</subfield><subfield code="v">Newspapers.</subfield></datafield><datafield ind1=" " ind2="0" tag="650"><subfield code="a">Italian Americans</subfield><subfield code="z">Connecticut</subfield><subfield code="v">Newspapers.</subfield></datafield><datafield ind1=" " ind2="0" tag="651"><subfield code="a">Hartford (Conn.)</subfield><subfield code="v">Newspapers.</subfield></datafield><datafield ind1=" " ind2="0" tag="651"><subfield code="a">Hartford County (Conn.)</subfield><subfield code="v">Newspapers.</subfield></datafield><datafield ind1=" " ind2="0" tag="651"><subfield code="a">New Haven (Conn.)</subfield><subfield code="v">Newspapers.</subfield></datafield><datafield ind1=" " ind2="0" tag="651"><subfield code="a">New Haven County (Conn.)</subfield><subfield code="v">Newspapers.</subfield></datafield><datafield ind1=" " ind2="0" tag="651"><subfield code="a">Connecticut</subfield><subfield code="v">Newspapers.</subfield></datafield><datafield ind1=" " ind2="7" tag="655"><subfield code="a">Newspapers.</subfield><subfield code="2">fast</subfield><subfield code="0">(OCoLC)fst01423814</subfield></datafield><datafield ind1=" " ind2="7" tag="650"><subfield code="a">Italian Americans.</subfield><subfield code="2">fast</subfield><subfield code="0">(OCoLC)fst00980419</subfield></datafield><datafield ind1=" " ind2="7" tag="650"><subfield code="a">Italians.</subfield><subfield code="2">fast</subfield><subfield code="0">(OCoLC)fst00980750</subfield></datafield><datafield ind1=" " ind2="7" tag="651"><subfield code="a">Connecticut.</subfield><subfield code="2">fast</subfield><subfield code="0">(OCoLC)fst01205688</subfield></datafield><datafield ind1=" " ind2="7" tag="651"><subfield code="a">Connecticut</subfield><subfield code="z">Hartford.</subfield><subfield code="2">fast</subfield><subfield code="0">(OCoLC)fst01207441</subfield></datafield><datafield ind1=" " ind2="7" tag="651"><subfield code="a">Connecticut</subfield><subfield code="z">Hartford County.</subfield><subfield code="2">fast</subfield><subfield code="0">(OCoLC)fst01211874</subfield></datafield><datafield ind1=" " ind2="7" tag="651"><subfield code="a">Connecticut</subfield><subfield code="z">New Haven.</subfield><subfield code="2">fast</subfield><subfield code="0">(OCoLC)fst01206280</subfield></datafield><datafield ind1=" " ind2="7" tag="651"><subfield code="a">Connecticut</subfield><subfield code="z">New Haven County.</subfield><subfield code="2">fast</subfield><subfield code="0">(OCoLC)fst01207938</subfield></datafield><datafield ind1=" " ind2="7" tag="651"><subfield code="a">United States.</subfield><subfield code="2">fast</subfield><subfield code="0">(OCoLC)fst01204155</subfield></datafield><datafield ind1=" " ind2=" " tag="752"><subfield code="a">United States</subfield><subfield code="b">Connecticut</subfield><subfield code="c">New Haven</subfield><subfield code="d">New Haven.</subfield></datafield><datafield ind1="1" ind2=" " tag="775"><subfield code="t">Verita, corriere del Connecticut</subfield><subfield code="w">(DLC)sn 95063191</subfield><subfield code="w">(OCoLC)34067995</subfield></datafield><datafield ind1="1" ind2=" " tag="787"><subfield code="t">Hartford bulletin</subfield><subfield code="w">(DLC)sn 92051337</subfield><subfield code="w">(OCoLC)26273064</subfield></datafield></record>